/Users/djp3/Documents/mirroredWriting/myBibClean.bib